@Book{xie2015,
  title = {Dynamic Documents with {R} and knitr},
  author = {Yihui Xie},
  publisher = {Chapman and Hall/CRC},
  address = {Boca Raton, Florida},
  year = {2015},
  edition = {2nd},
  note = {ISBN 978-1498716963},
  url = {http://yihui.name/knitr/},
}

@article{Harper2015,
 author = {Harper, F. Maxwell and Konstan, Joseph A.},
 title = {The MovieLens Datasets: History and Context},
 journal = {ACM Trans. Interact. Intell. Syst.},
 issue_date = {January 2016},
 volume = {5},
 number = {4},
 month = dec,
 year = {2015},
 issn = {2160-6455},
 pages = {19:1--19:19},
 articleno = {19},
 numpages = {19},
 url = {http://doi.acm.org/10.1145/2827872},
 doi = {10.1145/2827872},
 acmid = {2827872},
 publisher = {ACM},
 address = {New York, NY, USA},
 keywords = {Datasets, MovieLens, ratings, recommendations},
}
